<?xml version="1.0" encoding="UTF-8"?><collection xmlns="http://www.loc.gov/MARC21/slim"><record><leader>00483nam--2200181-i-4500</leader><controlfield tag="001">000019122</controlfield><controlfield tag="002">20161230</controlfield><controlfield tag="005">20161230201033</controlfield><controlfield tag="008">060222s1000------------r-----000-0-rus-d</controlfield><datafield ind1=" " ind2=" " tag="040"><subfield code="a">IFIN-HH</subfield></datafield><datafield ind1=" " ind2=" " tag="041"><subfield code="a">rus</subfield></datafield><datafield ind1=" " ind2=" " tag="080"><subfield code="a">537.533.3</subfield></datafield><datafield ind1="1" ind2=" " tag="110"><subfield code="a">Akademia Nauk Uzbekskoi SSR</subfield></datafield><datafield ind1="1" ind2="0" tag="245"><subfield code="a">Fotoelektriceskie iavlenia v poluprovodinkah i optoelektronika</subfield></datafield><datafield ind1=" " ind2=" " tag="260"><subfield code="a">Taskent</subfield><subfield code="b">Fan Uzbekskoi Ssr</subfield><subfield code="c">1972</subfield></datafield><datafield ind1=" " ind2=" " tag="300"><subfield code="a">343P</subfield></datafield><datafield ind1=" " ind2=" " tag="852"><subfield code="a">45709</subfield><subfield code="c">537.533.3</subfield></datafield><datafield ind1=" " ind2=" " tag="CAT"><subfield code="a">Sys</subfield><subfield code="c">20110901</subfield><subfield code="h">131159</subfield></datafield></record></collection>